@UNPUBLISHED{bibtex.b,
  author = {T. Hales},
  title = {{Formal Abstracts}},
  note = "\url{https://formalabstracts.github.io}",
  year = 2017
}

@UNPUBLISHED{bibtex.a,
   author = "J. Schröer",
   title = "Eine {E}inführung in die {A}lgebra
	({S}kript, {WS} 19/20, {B}onn)",
   language = "German",
   year = 2020
}

@UNPUBLISHED{bibtex.c,
    author = "C. Hughes",
    title = "{S}ylow",
    note = "\url{https://github.com/ChrisHughes24/Sylow}"
}

@UNPUBLISHED{bibtex.d,
    title = "mathlib",
    note = "\url{https://github.com/leanprover-community/mathlib}"
}

@UNPUBLISHED{bibtex.e,
    title = "{Theorem Proving in Lean}",
    author = {J. Avigad},
    note = "\url{https://leanprover.github.io/theorem_proving_in_lean/tactics.html}"
}